<?xml version="1.0" encoding="UTF-8"?>
<record xmlns="http://www.loc.gov/MARC21/slim">
   <leader>00927nam a2200301 a 4500</leader>
   <controlfield tag="001">000005669379</controlfield>
   <controlfield tag="003">CaOOAMICUS</controlfield>
   <controlfield tag="005">19860731      .0</controlfield>
   <controlfield tag="008">860321s1984    abcab        s00010 eng  </controlfield>
   <datafield tag="010" ind1=" " ind2=" ">
      <subfield code="a">   86134932 </subfield>
   </datafield>
   <datafield tag="040" ind1=" " ind2=" ">
      <subfield code="a">DLC</subfield>
      <subfield code="b">eng</subfield>
      <subfield code="c">DLC</subfield>
      <subfield code="d">CaOONL</subfield>
   </datafield>
   <datafield tag="043" ind1=" " ind2=" ">
      <subfield code="a">n-cn-ab</subfield>
   </datafield>
   <datafield tag="050" ind1="0" ind2=" ">
      <subfield code="a">KEZ1053.B432</subfield>
      <subfield code="b">Z6 1984</subfield>
   </datafield>
   <datafield tag="082" ind1="0" ind2=" ">
      <subfield code="a">346.712304/5</subfield>
   </datafield>
   <datafield tag="082" ind1="0" ind2=" ">
      <subfield code="a">347.1230645</subfield>
      <subfield code="2">19</subfield>
   </datafield>
   <datafield tag="110" ind1="1" ind2="0">
      <subfield code="a">Beaver (Alta.)</subfield>
   </datafield>
   <datafield tag="240" ind1="0" ind2="0">
      <subfield code="a">County of Beaver no. 9 :/ land use by-law no. 539, 1984.</subfield>
   </datafield>
   <datafield tag="245" ind1="1" ind2="0">
      <subfield code="a">County of Beaver no. 9 : land use by-law no. 539, 1984 1984</subfield>
      <subfield code="b">land use by-law no. 539, 1984.</subfield>
   </datafield>
   <datafield tag="260" ind1="0" ind2=" ">
      <subfield code="a">[Alberta] :</subfield>
      <subfield code="b">Alberta Municipal Affairs,</subfield>
      <subfield code="c">[1984?]</subfield>
   </datafield>
   <datafield tag="300" ind1=" " ind2=" ">
      <subfield code="a">96 p. :</subfield>
      <subfield code="b">ill., maps ;</subfield>
      <subfield code="c">28 cm.</subfield>
   </datafield>
   <datafield tag="650" ind1=" " ind2="0">
      <subfield code="a">Land use</subfield>
      <subfield code="x">Law and legislation</subfield>
      <subfield code="z">Alberta</subfield>
      <subfield code="z">Beaver.</subfield>
   </datafield>
   <datafield tag="710" ind1="1" ind2="0">
      <subfield code="a">Alberta.</subfield>
      <subfield code="b">Alberta Municipal Affairs.</subfield>
   </datafield>
   <datafield tag="852" ind1=" " ind2=" ">
      <subfield code="9">1</subfield>
      <subfield code="a">CaOONL</subfield>
      <subfield code="z">ILL: no</subfield>
   </datafield>
   <datafield tag="910" ind1="2" ind2="0">
      <subfield code="a">Alberta Municipal Affairs.</subfield>
   </datafield>
   <datafield tag="910" ind1="1" ind2="0">
      <subfield code="a">Alberta.</subfield>
      <subfield code="b">Municipal Affairs.</subfield>
   </datafield>
   <datafield tag="910" ind1="1" ind2="0">
      <subfield code="a">Beaver (Alb.)</subfield>
   </datafield>
   <datafield tag="990" ind1="1" ind2="0">
      <subfield code="a">91001a</subfield>
      <subfield code="b">71001ab</subfield>
   </datafield>
   <datafield tag="990" ind1="1" ind2="0">
      <subfield code="a">91002ab</subfield>
      <subfield code="b">71001ab</subfield>
   </datafield>
   <datafield tag="990" ind1="0" ind2="1">
      <subfield code="a">91003a</subfield>
      <subfield code="b">11001a</subfield>
   </datafield>
</record>
